@article{Wells2022,
   author = {Wells, T. and Carruthers, T. and Munoz-Rodriguez, P. and Sumadijaya, A. and Wood, J. R. I. and Scotland, R. W.},
   title = {Species as a heuristic: reconciling theory and practice},
   journal = {Syst. Biol.},
   volume = {71},
   number = {5},
   pages = {1233--1243},
   DOI = {10.1093/sysbio/syab087},
   year = {2022},
}

@article{Hebert2004,
   author = {Hebert, P. D. and Stoeckle, M. Y. and Zemlak, T. S.  and Francis, C. M.},
   title = {Identification of birds through {DNA} barcodes},
   journal = {PLoS Biol.},
   volume = {2},
   pages = {1657--1663},
   year = {2004}
}

@article{Notohara1990,
   author = {Notohara, M.},
   title = {The coalescent and the genealogical process in geographically structured populations},
   journal = {J. Math. Biol.},
   volume = {29},
   pages = {59--75},
   year = {1990}
}

@article{Wilkinson-Herbots1998,
   author = {Wilkinson-Herbots, H. M.},
   title = {Genealogy and subpopulation differentiation under various models of population structure},
   journal = {J. Math. Biol.},
   volume = {37},
   pages = {535--585},
   year = {1998}
}

@article{Hirase2021,
  author = {Hirase, S. and Yamasaki, Y. Y. and Sekino, M. and Nishisako, M. and Ikeda, M. and Hara, M. and Merila, J. and Kikuchi, K.},
  title = {Genomic evidence for speciation with gene flow in broadcast spawning marine invertebrates},
  journal = {Mol. Biol. Evol.},
  volume = {38},
  number = {11},
  pages = {4683--4699},
  DOI = {10.1093/molbev/msab194},
  year = {2021},
}

@article{Bolotov2017,
  author = {Bolotov, Ivan N. and Aksenova, Olga V. and Bespalaya, Yulia V. and Gofarov, Mikhail Y. and Kondakov, Alexander V. and Paltser, Inga S. and Stefansson, Andri and Travina, Oksana V. and Vinarski, Maxim V.},
  title = {Origin of a divergent {mtDNA} lineage of a freshwater snail species, \textit{Radix balthica}, in {Iceland}: cryptic glacial refugia or a postglacial founder event?},
  volume = {787},
  number = {1},
  pages = {73--98},
  doi = {10.1007/s10750-016-2946-9},
  journal = {Hydrobiologia},
  year = {2017},
}


@article{Ivanov2021,
   author = {Ivanov, Vladislav and Marusik, Yuri and PÃ©tillon, Julien and Mutanen, Marko},
   title = {Relevance of {ddRADseq} method for species and population delimitation of closely related and widely distributed wolf spiders (\textit{Araneae, Lycosidae})},
   journal = {Sci. Rep.},
   volume = {11},
   number = {1},
   doi = {10.1038/s41598-021-81788-2},
   year = {2021},
   pages = {2177},
}


@article{Kim2022,
   title = {Introgression and species delimitation in the longear sunfish \textit{Lepomis megalotis} ({Teleostei: Percomorpha: Centrarchidae})},
   author = {Kim, Daemin and Bauer, Bruce H and Near, Thomas J},
   volume = {71},
   doi = {10.1093/sysbio/syab029},
   number = {2},
   journal = {Syst. Biol.},
   year = {2022},
   pages = {273--285},
}


@article{He2019,
  author = {He, Z. and Li, X. and Yang, M. and Wang, X. and Zhong, C. and Duke, N. C. and Wu, C. I. and Shi, S.},
  title = {Speciation with gene flow via cycles of isolation and migration: insights from multiple mangrove taxa},
  journal = {Natl. Sci. Rev.},
  volume = {6},
  number = {2},
  pages = {275--288},
  DOI = {10.1093/nsr/nwy078},
  year = {2019}
}

@article{Martin2013,
  author = {Martin, S. H. and Dasmahapatra, K. K. and Nadeau, N. J. and Salazar, C. and Walters, J. R. and Simpson, F. and Blaxter, M. and Manica, A. and Mallet, J. and Jiggins, C. D.},
  title = {Genome-wide evidence for speciation with gene flow in \textit{Heliconius} butterflies},
  journal = {Genome Res.},
  volume = {23},
  number = {11},
  pages = {1817--1828},
  year = {2013}
}

@article{Nosil2008,
  author = {Nosil, P.},
  title = {Speciation with gene flow could be common},
  journal = {Mol. Ecol.},
  volume = {17},
  number = {9},
  pages = {2103--2106},
  DOI = {10.1111/j.1365-294X.2008.03715.x},
  year = {2008},
}

@article{Duda2021,
  author = {Duda, T. F., Jr.},
  title = {Patterns of variation of mutation rates of mitochondrial and nuclear genes of gastropods},
  journal = {BMC Ecol. Evol.},
  volume = {21},
  number = {1},
  pages = {13},
  DOI = {10.1186/s12862-021-01748-2},
  year = {2021}
}

@article{Stankowski2021,
  author = {Stankowski, S. and Ravinet, M.},
  title = {Defining the speciation continuum},
  journal = {Evolution},
  volume = {75},
  number = {6},
  pages = {1256--1273},
  DOI = {10.1111/evo.14215},
  year = {2021},
}

@article{Jackson2017,
  author = {Jackson, N. D. and Carstens, B. C. and Morales, A. E. and O'Meara, B. C.},
  title = {Species delimitation with gene flow},
  journal = {Syst. Biol.},
  volume = {66},
  number = {5},
  pages = {799--812},
  DOI = {10.1093/sysbio/syw117},
  year = {2017}
}

@article{Wu2018,
  author = {Wu, W. and Ng, W. L. and Yang, J. X. and Li, W. M. and Ge, X. J.},
  title = {High cryptic species diversity is revealed by genome-wide polymorphisms in a wild relative of banana, \textit{Musa itinerans}, and implications for its conservation in subtropical {China}},
  journal = {BMC Plant Biol.},
  volume = {18},
  number = {1},
  pages = {194},
  DOI = {10.1186/s12870-018-1410-6},
  year = {2018},
}


@article{MacGuigan2021,
  author = {MacGuigan, Daniel J. and Hoagstrom, Christopher W. and Domisch, Sami and Hulsey, C. Darrin and Near, Thomas J.},
  title = {Integrative ichthyological species delimitation in the {Greenthroat} {Darter} complex (\textit{Percidae}: \textit{Etheostomatinae})},
  journal = {Zoologica Scripta},
  volume = {50},
  number = {6},
  pages = {707--733},
  doi = {10.1111/zsc.12504},
  year = {2021},
}

@article{Petzold2020,
  author = {Petzold, A. and Hassanin, A.},
  title = {A comparative approach for species delimitation based on multiple methods of multi-locus {DNA} sequence analysis: A case study of the genus \textit{Giraffa} ({Mammalia, Cetartiodactyla})},
  journal = {PLoS One},
  volume = {15},
  number = {2},
  pages = {e0217956},
  DOI = {10.1371/journal.pone.0217956},
  year = {2020},
}

@article{Fiser2018,
  author = {Fiser, C. and Robinson, C. T. and Malard, F.},
  title = {Cryptic species as a window into the paradigm shift of the species concept},
  journal = {Mol. Ecol.},
  volume = {27},
  number = {3},
  pages = {613--635},
  DOI = {10.1111/mec.14486},
  year = {2018},
}

@article{Chen2019,
  author = {Chen, L. and Qiu, Q. and Jiang, Y. and Wang, K. and Lin, Z. and Li, Z. and Bibi, F. and Yang, Y. and Wang, J. and Nie, W. and Su, W. and Liu, G. and Li, Q. and Fu, W. and Pan, X. and Liu, C. and Yang, J. and Zhang, C. and Yin, Y. and Wang, Y. and Zhao, Y. and Zhang, C. and Wang, Z. and Qin, Y. and Liu, W. and Wang, B. and Ren, Y. and Zhang, R. and Zeng, Y. and da Fonseca, R. R. and Wei, B. and Li, R. and Wan, W. and Zhao, R. and Zhu, W. and Wang, Y. and Duan, S. and Gao, Y. and Zhang, Y. E. and Chen, C. and Hvilsom, C. and Epps, C. W. and Chemnick, L. G. and Dong, Y. and Mirarab, S. and Siegismund, H. R. and Ryder, O. A. and Gilbert, M. T. P. and Lewin, H. A. and Zhang, G. and Heller, R. and Wang, W.},
  title = {Large-scale ruminant genome sequencing provides insights into their evolution and distinct traits},
  journal = {Science},
  volume = {364},
  number = {6446},
  pages = {eaav6202},
  year = {2019},
}

@article{Fennessy2016,
  author = {Fennessy, J. and Bidon, T. and Reuss, F. and Kumar, V. and Elkan, P. and Nilsson, M. A. and Vamberger, M. and Fritz, U. and Janke, A.},
  title = {Multi-locus analyses reveal four giraffe species instead of one},
  journal = {Curr. Biol.},
  volume = {26},
  number = {18},
  pages = {2543--2549},
  DOI = {10.1016/j.cub.2016.07.036},
  year = {2016},
}

@article{Alexander2011,
  author = {Alexander, D. H. and Lange, K.},
  title = {Enhancements to the {ADMIXTURE} algorithm for individual ancestry estimation},
  journal = {BMC Bioinformat.},
  volume = {12},
  pages = {246},
  DOI = {10.1186/1471-2105-12-246},
  year = {2011}
}



@article{Luo2018,
  author = {Luo, A. and Ling, C. and Ho, S. Y. W. and Zhu, C. D.},
  title = {Comparison of methods for molecular species delimitation across a range of speciation scenarios},
  journal = {Syst. Biol.},
  volume = {67},
  number = {5},
  pages = {830--846},
  DOI = {10.1093/sysbio/syy011},
  year = {2018},
}

@article{Barley2018,
  author = {Barley, A. J. and Brown, J. M. and Thomson, R. C.},
  title = {Impact of model violations on the inference of species boundaries under the multispecies coalescent},
  journal = {Syst. Biol.},
  volume = {67},
  number = {2},
  pages = {269--284},
  year = {2018}
}

@article{Ruane2014,
    author = {Ruane, S. and Bryson, R. W. and Pyron, R. A. and Burbrink, F. T.},
    title = {Coalescent species delimitation in milksnakes (genus Lampropeltis) and impacts on phylogenetic comparative analyses},
    journal = {Syst. Biol.},
    volume = {63},
    number = {2},
    pages = {231--250},
    doi = {10.1093/sysbio/syt099},
    year = {2014}
}

@article{Chambers2020,
  author = {Chambers, E. A. and Hillis, D. M.},
  title = {The multispecies coalescent over-splits species in the case of geographically widespread taxa},
  journal = {Syst. Biol.},
  volume = {69},
  number = {1},
  pages = {184--193},
  DOI = {10.1093/sysbio/syz042},
  year = {2020},
}

@book{Schilthuizen2018,
  author = {Schilthuizen, Menno},
  title = {Biogeography and Biodiversity of the Aegean},
  year = {2018},
  type = {Book},
  Publisher = {Broken Hill Publishers},
  Address = {Nicosia, Cyprus}
}

@article{Jiao2021MSC,
  author = {Jiao, Xiyun and Flouri, T. and Yang, Z.},
  title = {Multispecies coalescent and its applications to infer species phylogenies and cross-species gene flow},
  journal = {Nat. Sci. Rev.},
  volume = {8},
  number = {12},
  pages = {DOI: 10.1093/nsr/nwab127},
  DOI = {10.1093/nsr/nwab127},
  year = {2021}
}

@article{Jiao2021,
  author = {Jiao, Xiyun and Yang, Ziheng},
  title = {Defining species when there is gene flow},
  journal = {Syst. Biol.},
  volume = {70},
  number = {1},
  pages = {108--119},
  DOI = {10.1093/sysbio/syaa052},
  year = {2021}
}


@article{Campillo2020,
  author = {Campillo, L. C. and Barley, A. J. and Thomson, R. C.},
  title = {Model-based species delimitation: are coalescent species reproductively isolated?},
  journal = {Syst. Biol.},
  volume = {69},
  number = {4},
  pages = {708--721},
  DOI = {10.1093/sysbio/syz072},
  year = {2020}
}

@article{Ramirez-Reyes2020,
  author = {Ramirez-Reyes, T. and Blair, C. and Flores-Villela, O. and Pinero, D. and Lathrop, A. and Murphy, R.},
  title = {Phylogenomics and molecular species delimitation reveals great cryptic diversity of leaf-toed geckos ({Phyllodactylidae}: \textit{Phyllodactylus}), ancient origins, and diversification in {Mexico}},
  journal = {Mol. Phylogenet. Evol.},
  volume = {150},
  DOI = {10.1016/j.ympev.2020.106880},
  year = {2020},
}

@article{Petit2009,
  author = {Petit, R.J.  and Excoffier, Laurent},
  title = {Gene flow and species delimitation},
  journal = {Trends Ecol. Evol.},
  volume = {24},
  pages = {386--393},
  year = {2009}
}

@article{Bamberger2022,
  author = {Bamberger, S. and Xu, J. and Hausdorf, B.},
  title = {Evaluating species delimitation methods in radiations: The land snail \textit{Albinaria cretensis} complex on Crete},
  journal = {Syst. Biol.},
  volume = {71},
  number = {2},
  pages = {439--460},
  DOI = {10.1093/sysbio/syab050},
  year = {2022},
}

@article{Hausdorf2011,
  author = {Hausdorf, B.},
  title = {Progress toward a general species concept},
  journal = {Evolution},
  volume = {65},
  number = {4},
  pages = {923--931},
  DOI = {10.1111/j.1558-5646.2011.01231.x},
  year = {2011}
}

@article{Felsenstein1981,
  Author = {Felsenstein, J.},
  Title = {Evolutionary trees from DNA sequences: a maximum likelihood approach},
  Journal = {J. Mol. Evol.},
  Volume = {17},
  Pages = {368-376},
  Year = {1981} }

@article{Orr2001,
  Author = {Orr, H. A. and Turelli, M.},
  Title = {The evolution of postzygotic isolation: accumulating Dobzhansky-Muller incompatibilities},
  Journal = {Evolution},
  Volume = {55},
  Pages = {1085-1094},
  Year = {2001} 
}


@article{Burgess2008,
  Author = {Burgess, R. and Yang, Z.},
  Title = {Estimation of hominoid ancestral population sizes under {B}ayesian coalescent models incorporating mutation rate variation and sequencing errors},
  Journal = {Mol. Biol. Evol.},
  Volume = {25},
  Pages = {1979--1994},
  Year = {2008} }

@article{Hobolth2011,
    author = {Hobolth, A. and Andersen, L.N. and Mailund, T.},
    title = {On computing the coalescence time density in an isolation-with-migration model with few samples},
    journal = {Genetics},
    volume = {187},
    pages = {1241--1243},
    year = {2011},
}

@article{Dalquen2017,
  Author = {Dalquen, Daniel and Zhu, Tianqi and Yang, Z.},
  Title = {Maximum likelihood implementation of an isolation-with-migration model for three species},
  Journal = {Syst. Biol.},
  Volume = {66},
  Pages = {379--398},
  Year = {2017} 
}

@incollection{DeQueiroz1998,
  Author = {de Queiroz, Kevin},
  Title = {The general lineage concept of species, species criteria, and the process of 
  speciation: A conceptual unification and terminological recommendations},
  BookTitle = {Endless Forms: Species and Speciation},
  Editor = {Howard, D. J. and Berlocher, S. H.},
  Publisher = {Oxford University Press},
  Address = {New York},
  Pages = {57--75},
  Year = {1998} }


@article{DeQueiroz2007,
  title={Species concepts and species delimitation},
  author={De Queiroz, Kevin},
  journal={Syst. Biol.},
  volume={56},
  number={6},
  pages={879--886},
  year={2007}
}

@article{Ebersberger2007,
  Author = {Ebersberger, Ingo and Galgoczy, Petra and Taudien, Stefan and Taenzer, Simone and Platzer, Matthias and von Haeseler, Arndt},
  Title = {Mapping human genetic ancestry},
  Journal = {Molecular Biology and Evolution},
  Volume = {24},
  Pages = {2266--2276},
  Year = {2007} 
}

@article{Edwards2009,
  Author = {Edwards, S. V.},
  Title = {Is a new and general theory of molecular systematics emerging?},
  Journal = {Evolution},
  Volume = {63},
  Pages = {1--19},
  Year = {2009} 
}

@article{Edwards2016, 
  Author = {Edwards, S. V. and Xi, Z. and Janke, A. and Faircloth, B. C. and McCormack, J. E. and Glenn, T. C. and Zhong, B. and Wu, S. and Lemmon, E. M. and Lemmon, A. R. and Leach\'e, A. D. and Liu, L. and Davis, C. C.},
  Title = {Implementing and testing the multispecies coalescent model: A valuable paradigm for phylogenomics},
  Journal = {Mol. Phylogenet, Evol.},
  Volume = {94},
  Number = {Pt A},
  Pages = {447--462},
  Year = {2016} 
}

@article{Etienne2014,
  title={Estimating the duration of speciation from phylogenies},
  author={Etienne, Rampal S and Morlon, H{\'e}l{\`e}ne and Lambert, Amaury},
  journal={Evolution},
  volume={68},
  number={8},
  pages={2430--2440},
  year={2014}
}

@article{Freudenstein2017,
  title={Biodiversity and the Species Concept - Lineages are not Enough},
  author={Freudenstein, John V and Broe, Michael B and Folk, Ryan A and Sinn, Brandon T},
  journal={Syst. Biol.},
  volume={66},
  number={4},
  pages={644--656},
  year={2016}
}

@article{Fujita2012,
  Author = {Fujita, M. K. and Leach\'e, A. D. and Burbrink, F. T. and McGuire, J. A. and Moritz, C.},
  Title = {Coalescent-based species delimitation in an integrative taxonomy},
  Journal = {Trends  Ecol. Evol.},
  Volume = {27},
  Pages = {480--488},
  Year = {2012} 
}

@article{Hasegawa1985,
  Author = {Hasegawa, M. and Kishino, H. and Yano, T.},
  Title = {Dating the human-ape splitting by a molecular clock of mitochondrial {DNA}},
  Journal = {J. Mol. Evol.},
  Volume = {22},
  Pages = {160--174},
  Year = {1985} 
}

@article{Heled2010,
  Author = {Heled, Joseph and Drummond, Alexei J.},
  Title = {Bayesian inference of species trees from multilocus data},
  Journal = {Mol. Biol. Evol.},
  Volume = {27},
  Pages = {570--580},
  Year = {2010} 
}

@article{Hey2010,
  Author = {Hey, Jody},
  Title = {Isolation with migration models for more than two populations},
  Journal = {Mol. Biol. Evol.},
  Volume = {27},
  Pages = {905--920},
  Year = {2010} 
}

@incollection{Jukes1969,
  Author = {Jukes, T.H. and Cantor, C.R.},
  Title = {Evolution of protein molecules},
  BookTitle = {Mammalian Protein Metabolism},
  Editor = {Munro, H.N.},
  Publisher = {Academic Press},
  Address = {New York},
  Pages = {21--123},
  Year = {1969} }

@article{Leache2009,
  title={Quantifying ecological, morphological, and genetic variation to delimit species in the coast horned lizard species complex (\textit{Phrynosoma})},
  author={Leach\'e, Adam D and Koo, Michelle S and Spencer, Carol L and Papenfuss, Theodore J and Fisher, Robert N and McGuire, Jimmy A},
  journal={Proc. Natl. Acad. Sci. USA.},
  volume={106},
  number={30},
  pages={12418--12423},
  year={2009},
  publisher={National Acad Sciences}
}

@article{Leache2010,
  title={{B}ayesian species delimitation in {W}est {A}frican forest geckos (\textit{Hemidactylus fasciatus})},
  author={Leach\'e, Adam D and Fujita, Matthew K},
  journal={Proc. R. Soc. B},
  volume={277},
  number={1697},
  pages={3071--3077},
  year={2010}
}

@article{Leache2011,
  title={The accuracy of species tree estimation under simulation: a comparison of methods},
  author={Leach\'e, Adam D and Rannala, Bruce},
  journal={Syst. Biol.},
  volume={60},
  number={2},
  pages={126--137},
  year={2011},
  publisher={Oxford University Press}
}

@article{Leache2013,
  title={The influence of gene flow on species tree estimation: a simulation study},
  author={Leach\'e, Adam D and Harris, Rebecca B and Rannala, Bruce and Yang, Ziheng},
  journal={Syst. Biol.},
  volume={63},
  number={1},
  pages={17--30},
  year={2013}
}

@article{Leache2014,
  author = {Leach\'e, A. D. and Fujita, Matthew K. and Minin, Vladimir N. and Bouckaert, Remco R.},
  title = {Species delimitation using genome-wide {SNP} data},
  journal = {Syst. Biol.},
  volume = {63},
  number = {4},
  pages = {534--542},
  year = {2014}
}

@article{Leache2019,
  author = {Leach\'e, Adam D.  and Zhu, T. and Rannala, Bruce  and Yang, Ziheng},
  title = {The spectre of too many species},
  journal = {Syst. Biol.},
  volume = {68},
  number = {1},
  pages = {168--181},
  DOI = {10.1093/sysbio/syy051},
  year = {2019},
}

@article{Lindley1957,
  Author = {Lindley, D.V.},
  Title = {A statistical paradox},
  Journal = {Biometrika},
  Volume = {44},
  Pages = {187--192},
  Year = {1957} 
}




@article{Maddison1997,
  Author = {Maddison, W.P.},
  Title = {Gene trees in species trees},
  Journal = {Syst. Biol.},
  Volume = {46},
  Pages = {523--536},
  Year = {1997} 
}


@article{Mailund2012,
  Author = {Mailund, T. and Dutheil, J. Y. and Hobolth, A. and Lunter, G. and Schierup, M. H.},
  Title = {Estimating divergence time and ancestral effective population size of {B}ornean and {S}umatran orangutan subspecies using a coalescent hidden {M}arkov model},
  Journal = {PLoS Genet.},
  Volume = {7},
  Number = {3},
  Pages = {e1001319},
  Year = {2012} 
}


@incollection{Mallet2013,
  Author = {Mallet, J.},
  Title = {Concepts of species},
  BookTitle = {Encyclopedia of Biodiversity},
  Editor = {Levin, S.A.},
  Publisher = {Academic Press},
  Address = {Massachusetts},
  Volume = {6},
  Pages = {679--691},
  Year = {2013} 
}

@article{Mallet2016,
   author = {Mallet, James and Besansky, Nora and Hahn, Matthew W.},
   title = {How reticulated are species?},
   journal = {BioEssays},
   volume = {38},
   number = {2},
   pages = {140--149},
   year = {2016}
}

@article{Moritz1994,
  title={Defining `evolutionarily significant units' for conservation},
  author={Moritz, Craig},
  journal={Trends Ecol. Evol.},
  volume={9},
  number={10},
  pages={373--375},
  year={1994}
}

@article{Moritz2004,
  Author = {Moritz, C and Cicero, C.},
  Title = {{DNA} barcoding: Promise and pitfalls},
  Journal = {PLoS Biol.},
  Volume = {2},
  Pages = {e354},
  Year = {2004} 
}

@article{Nadeau2012,
  Author = {Nadeau, N. J. and Whibley, A. and Jones, R. T. and Davey, J. W. and Dasmahapatra, K. K. and Baxter, S. W. and Quail, M. A. and Joron, M. and Ffrench-Constant, R. H. and Blaxter, M. L. and Mallet, J. and Jiggins, C. D.},
  Title = {Genomic islands of divergence in hybridizing \textit{Heliconius} butterflies identified by large-scale targeted sequencing},
  Journal = {Philos Trans. R. Soc. Lond. B. Biol. Sci.},
  Volume = {367},
  Number = {1587},
  Pages = {343--353},
  Year = {2012} 
}

@article{Nichols2001,
  Author = {Nichols, R.},
  Title = {Gene trees and species trees are not the same},
  Journal = {Trends Ecol. Evol.},
  Volume = {16},
  Pages = {358--364},
  Year = {2001} 
}

@article{Pinho2010,
  Author = {Pinho, C. and Hey, J.},
  Title = {Divergence with gene flow: models and data},
  Journal = {Ann. Rev. Ecol. Evol. Syst.},
  Volume = {41},
  Pages = {215--230},
  Year = {2010} 
}

@article{Rannala2003,
  author = {Rannala, Bruce and Yang, Ziheng},
  title = {{B}ayes estimation of species divergence times and ancestral population sizes using {DNA} sequences from multiple loci},
  journal = {Genetics},
  volume = {164},
  number = {4},
  pages = {1645--1656},
  year = {2003},
}

@article{Rannala2008,
  author={Rannala, Bruce and Yang, Ziheng},
  title={Phylogenetic inference using whole genomes},
  journal={Annu. Rev. Genomics Hum. Genet.},
  volume={9},
  pages={217--231},
  year={2008}
}

@article{Rannala2013,
  author = {Rannala, Bruce and Yang, Ziheng},
  title = {Improved reversible jump algorithms for {B}ayesian species delimitation},
  journal = {Genetics},
  year = {2013},
  volume = {194},
  pages = {245--253}
}


@article{Rannala2015,
  Author = {Rannala, B. H.},
  Title = {The art and science of species delimitation},
  Journal = {Curr. Zool.},
  Volume = {61},
  Pages = {846--853},
  Year = {2015} 
}

@article{Rannala2017,
  author = {Rannala, Bruce and Yang, Ziheng},
  title = {Efficient {B}ayesian species tree inference under the multispecies coalescent},
  journal = {Syst. Biol.},
  year = {2017},
  volume = {66},
  pages = {823--842}
}

@incollection{Rannala2020b,
  author = {Rannala, B. and Yang, Z.},
  title = {Species delimitation},
  booktitle = {Phylogenetics in the Genomic Era},
  editor = {Galtier, Nicolas  and Delsuc, Frederic  and Scornavacca, Celine },
  publisher = {No Commercial Publisher},
  chapter = {5.5},
  pages = {5.5.1-18},
  year = {2020},
  type = {Book Section}
}

@article{Rosenblum2012,
  Author = {Rosenblum, E.B. and Sarver, B.A. and Brown, J.W. and Des Roches, S. and Hardwick, K.M. and Hether, T.D. and Eastman, J.M. and Pennell, M.W. and Harmon, L.J.},
  Title = {Goldilocks meets {Santa Rosalia}: An ephemeral speciation model explains patterns of diversification across time scales},
  Journal = {Evolut. Biol.},
  Volume = {39},
  Pages = {255--261},
  Year = {2012} 
}

@article{Sukumaran2017,
  Author = {Sukumaran, J. and Knowles, L.L.},
  Title = {Multispecies coalescent delimits structure, not species},
  Journal = {Proc. Natl. Acad. Sci. USA.},
  Volume = {114},
  Pages = {1607--1612},
  Year = {2017} 
}

@article{Sukumaran2021,
  author = {Sukumaran, J. and Holder, M. T. and Knowles, L. L.},
  title = {Incorporating the speciation process into species delimitation},
  journal = {PLoS Comput. Biol.},
  volume = {17},
  number = {5},
  pages = {e1008924},
  DOI = {10.1371/journal.pcbi.1008924},
  year = {2021},
}

@article{Xu2016,
  Author = {Xu, Bo and Yang, Ziheng},
  Title = {Challenges in species tree estimation under the multispecies coalescent model},
  Journal = {Genetics},
  Volume = {204},
  Pages = {1353--1368},
  Year = {2016} 
}

@article{Yang2010,
  author = {Yang, Ziheng and Rannala, Bruce},
  title = {Bayesian species delimitation using multilocus sequence data},
  journal = {Proc. Natl. Acad. Sci. USA},
  year = {2010},
  volume = {107},
  pages = {9264--9269}
}

@book{Yang2014,
  AUTHOR    = {Yang, Z},
  TITLE     = {Molecular Evolution: A Statistical Approach},
  PUBLISHER = {Oxford University Press},
  YEAR      = {2014},
  Address   = {Oxford, England}
}

@article{Yang2014b,
  author = {Yang, Ziheng and Rannala, Bruce},
  title = {Unguided species delimitation using {DNA} sequence data from multiple loci},
  volume = {31},
  pages = {3125--3135},
  year = {2014},
  doi = {10.1093/molbev/msu279},
  journal = {Mol. Biol. Evol.}
}

@article{Yang2015,
  title={The {BPP} program for species tree estimation and species delimitation},
  author={Yang, Z},
  journal={Curr. Zool.},
  volume={61},
  pages={854--865},
  year={2015}
}

@article{Flouri2018,
  author = {Flouri, Thomas and Jiao, Xiyun and Rannala, Bruce and Yang, Ziheng},
  title = {Species tree inference with {BPP} using genomic sequences and the multispecies coalescent},
  journal = {Mol. Biol. Evol.},
  volume = {35},
  number = {10},
  pages = {2585--2593},
  DOI = {10.1093/molbev/msy147},
  year = {2018}
}


@article{Yang2017,
  Author = {Yang, .Z. and Rannala, B.},
  Title = {Bayesian species identification under the multispecies coalescent provides significant improvements to {DNA} barcoding analyses},
  Journal = {Mol. Ecol.},
  Volume = {26},
  Pages = {3028--3036},
  Year = {2017} 
}

@article{YangZhu2018,
  Author = {Yang, .Z. and Zhu, T.},
  Title = {Bayesian selection of misspecified models is overconfident and causes spurious posterior probabilities for phylogenetic trees},
  Journal = {Proc. Nat. Acad. Sci. USA},
  Volume = {115},
  Number = {8},
  Pages = {1854--1859},
  Year = {2018} 
}

@article{Zhang2011,
  Author = {Zhang, C. and Zhang, D.-X. and Zhu, T. and Yang, Z.},
  Title = {Evaluation of a {B}ayesian coalescent method of species delimitation},
  Journal = {Syst. Biol.},
  Volume = {60},
  Pages = {747--761},
  Year = {2011} 
}

@article{Zhu2012,
  Author = {Zhu, T. and Yang, Z.},
  Title = {Maximum likelihood implementation of an isolation-with-migration model with three species for testing speciation with gene flow},
  Journal = {Mol. Biol. Evol.},
  Volume = {29},
  Pages = {3131--3142},
  Year = {2012} 
}


@incollection{Rannala2020,
  author = {Rannala, B. and Yang, Z.},
  title = {Species delimitation},
  booktitle = {Phylogenetics in the Genomic Era},
  editor = {Galtier, Nicolas  and Delsuc, Frederic  and Scornavacca, Celine },
  publisher = {No Commercial Publisher},
  chapter = {5.5},
  pages = {5.5.1-18},
  year = {2020},
  type = {Book Section}
}
